<collection xmlns="http://www.loc.gov/MARC21/slim"><record><leader>00843nam  2200229   450</leader><controlfield tag="001">941</controlfield><controlfield tag="003">http://montalegre.opacnet.com/OPAC/default.aspx?ContentAreaControl=ShowRegHoldings.ascx&amp;RegNo=16662</controlfield><datafield tag="100" ind1=" " ind2=" "><subfield code="a">19880301d1979    m  y0pora0103    ba</subfield></datafield><datafield tag="101" ind1="1" ind2=" "><subfield code="a">por</subfield><subfield code="c">eng</subfield></datafield><datafield tag="102" ind1=" " ind2=" "><subfield code="a">PT</subfield></datafield><datafield tag="105" ind1=" " ind2=" "><subfield code="a">y   z   000ay</subfield></datafield><datafield tag="106" ind1=" " ind2=" "><subfield code="a">r</subfield></datafield><datafield tag="200" ind1="1" ind2=" "><subfield code="a">&lt;Os &gt;Buddenbrook</subfield><subfield code="e">decadoncia de uma familia</subfield><subfield code="f">Thomas Mann</subfield><subfield code="g">trad. de Herbert Caro</subfield><subfield code="g">revista por A. Vieira d'Areia</subfield></datafield><datafield tag="210" ind1=" " ind2=" "><subfield code="a">Lisboa</subfield><subfield code="c">Livros do Brasil</subfield><subfield code="d">[D.L. 1979]</subfield></datafield><datafield tag="215" ind1=" " ind2=" "><subfield code="a">538, [3] p.</subfield><subfield code="d">22 cm</subfield></datafield><datafield tag="225" ind1="2" ind2=" "><subfield code="a">Dois mundos</subfield><subfield code="v">13</subfield></datafield><datafield tag="675" ind1=" " ind2=" "><subfield code="a">821.112.2-31"18/19"</subfield><subfield code="v">BN</subfield><subfield code="z">por</subfield><subfield code="v">BN</subfield><subfield code="z">por</subfield><subfield code="3">618454</subfield></datafield><datafield tag="700" ind1=" " ind2="1"><subfield code="a">Mann</subfield><subfield code="b">Thomas</subfield><subfield code="f">1875-1955</subfield><subfield code="3">32608</subfield></datafield><datafield tag="702" ind1=" " ind2="1"><subfield code="a">Caro</subfield><subfield code="b">Herbert</subfield><subfield code="4">730</subfield><subfield code="3">35006</subfield></datafield><datafield tag="702" ind1=" " ind2="1"><subfield code="a">Areia</subfield><subfield code="b">A. Vieira de</subfield><subfield code="f">1902-</subfield><subfield code="4">640</subfield><subfield code="3">6789</subfield></datafield><datafield tag="801" ind1=" " ind2="0"><subfield code="a">PT</subfield><subfield code="b">Biblioteca Municipal de Montalegre</subfield><subfield code="g">RPC</subfield></datafield><datafield tag="856" ind1=" " ind2=" "><subfield code="u">locateMedia.asp?cod=20060703100739&amp;ext=jpg</subfield><subfield code="z">CAPA</subfield></datafield><datafield tag="909" ind1="&#9;" ind2=" "><subfield code="a">1</subfield></datafield><datafield tag="966" ind1=" " ind2=" "><subfield code="a">0009050</subfield><subfield code="l">BMM</subfield><subfield code="s">SCG 821 MAN bud 13</subfield></datafield></record></collection>